% Bibliography of key references for "LaTeX for Thesis and Large Documents"
% For use with BibTeX

@inproceedings{zimmermann2008predicting,
  title={Predicting defects using network analysis on dependency graphs},
  author={Zimmermann, Thomas and Nagappan, Nachiappan},
  booktitle={Proceedings of the 30th international conference on Software engineering},
  pages={531--540},
  year={2008},
  organization={ACM}
}

@Misc{gartner2016,
howpublished = {\url{http://www.gartner.com/newsroom/id/3186517}},
title = {Gartner's Worldwide IT Spending report},
key={gartner2016}
}

@inproceedings{bhattacharya2012graph,
  title={Graph-based analysis and prediction for software evolution},
  author={Bhattacharya, Pamela and Iliofotou, Marios and Neamtiu, Iulian and Faloutsos, Michalis},
  booktitle={Proceedings of the 34th International Conference on Software Engineering},
  pages={419--429},
  year={2012},
  organization={IEEE Press}
}

@Misc{retrofit,
howpublished = {\url{https://github.com/square/retrofit}},
title = {Retrofit: Type-safe HTTP client for Android and Java by Square, Inc},
key={retrofit}
}

@Misc{twitter4j,
howpublished = {\url{http://twitter4j.org/en/index.html}},
title = {Twitter4j: an unofficial Java library for the Twitter API},
key={twitter4j}
}


@Misc{d3js,
howpublished = {\url{https://d3js.org/}},
title = {D3.js - javascript data visualization library},
key={d3js}
}

@Misc{guava,
howpublished = {\url{https://github.com/google/guava}},
title = {Guava: Google Core Libraries for Java},
key={guava}
}


@article{sharir1981strong,
  title={A strong-connectivity algorithm and its applications in data flow analysis},
  author={Sharir, Micha},
  journal={Computers \& Mathematics with Applications},
  volume={7},
  number={1},
  pages={67--72},
  year={1981},
  publisher={Elsevier}
}


@article{cormen2001introduction,
  title={Introduction to algorithms second edition},
  author={Cormen, Thomas H and Leiserson, Charles E and Rivest, Ronald L and Stein, Clifford},
  journal={The Knuth-Morris-Pratt Algorithm, year},
  year={2001}
}

@article{bron1973algorithm,
  title={Algorithm 457: finding all cliques of an undirected graph},
  author={Bron, Coen and Kerbosch, Joep},
  journal={Communications of the ACM},
  volume={16},
  number={9},
  pages={575--577},
  year={1973},
  publisher={ACM}
}

@inproceedings{turhan2008software,
  title={Software defect prediction using call graph based ranking (CGBR) framework},
  author={Turhan, Burak and Kocak, Gozde and Bener, Ayse},
  booktitle={Software Engineering and Advanced Applications, 2008. SEAA'08. 34th Euromicro Conference},
  pages={191--198},
  year={2008},
  organization={IEEE}
}

@incollection{eichinger2008mining,
  title={Mining edge-weighted call graphs to localise software bugs},
  author={Eichinger, Frank and B{\"o}hm, Klemens and Huber, Matthias},
  booktitle={Machine Learning and Knowledge Discovery in Databases},
  pages={333--348},
  year={2008},
  publisher={Springer}
}

@article{turhan2009data,
  title={Data mining source code for locating software bugs: A case study in telecommunication industry},
  author={Turhan, Burak and Kocak, Gozde and Bener, Ayse},
  journal={Expert Systems with Applications},
  volume={36},
  number={6},
  pages={9986--9990},
  year={2009},
  publisher={Elsevier}
}


@Misc{scribejava,
howpublished = {\url{https://github.com/scribejava/scribejava}},
title = {ScribeJava: Simple OAuth library for Java},
key={scribejava}
}
